@ARTICLE{ref:udomchaiporn2013229,
author={Udomchaiporn, A. and Coenen, F. and Garc√≠a-Fi\~{n}ana, M. and Sluming, V.},
title={{3-D MRI brain scan feature classification using an oct-tree representation}},
journal={Lecture Notes in Computer Science (including subseries Lecture Notes in Artificial Intelligence and Lecture Notes in Bioinformatics)},
year={2013},
volume={8346 LNAI},
number={PART 1},
pages={229-240},
doi={10.1007/978-3-642-53914-5_20},
url={http://www.scopus.com/inward/record.url?eid=2-s2.0-84893132774&partnerID=40&md5=af048d99cc16c19edddf9e007eac5a1c},
document_type={Conference Paper},
source={Scopus},
}

@ARTICLE{ref:jackins1983533,
author={Jackins, C. L. and Tanimoto, S. L.},
title={{Quad-Trees, Oct-Trees, and K-Trees: A Generalized Approach to Recursive Decomposition of Euclidean Space}},
journal={IEEE Transactions on Pattern Analysis and Machine Intelligence},
year={1983},
volume={PAMI-5},
number={5},
pages={533-539},
doi={10.1109/TPAMI.1983.4767433},
url={http://www.scopus.com/inward/record.url?eid=2-s2.0-0020813912&partnerID=40&md5=865b1e20676064b74519eefceb42036f},
document_type={Article},
source={Scopus},
}


@ARTICLE{ref:jackins1980249,
author={Jackins, C. L. and Tanimoto, S. L.},
title={{Oct-trees and their use in representing three-dimensional objects}},
journal={Computer Graphics and Image Processing},
year={1980},
volume={14},
number={3},
pages={249-270},
doi={10.1016/0146-664X(80)90055-6},
url={http://www.scopus.com/inward/record.url?eid=2-s2.0-0019229538&partnerID=40&md5=f82defecd8dc3fbc73f4921e4ee4171d},
document_type={Article},
source={Scopus},
}

@ARTICLE{ref:Linden201558,
author={Linden, S. and Wiegmann, A. and Hagen, H.},
title={{The LIR space partitioning system applied to the Stokes equations}},
journal={Graphical Models},
year={2015},
volume={82},
pages={58-66},
doi={10.1016/j.gmod.2015.06.003},
url={http://www.scopus.com/inward/record.url?eid=2-s2.0-84949624471&partnerID=40&md5=c46b4e3caa421e5986226552ddf1425d},
document_type={Article},
source={Scopus},
}

@CONFERENCE{ref:Lange2004592,
author={M. Lange and S. Ganebnykh},
title={{Tree-like data structures for effective recognition of 2-D solids}},
booktitle={Proceedings - International Conference on Pattern Recognition},
year={2004},
volume={1},
pages={592-595},
url={http://www.scopus.com/inward/record.url?eid=2-s2.0-10044233146&partnerID=40&md5=8f0aed0574258a20a169796c261895e3},
document_type={Conference Paper},
source={Scopus},
}

@ARTICLE{ref:Saftly2013,
author={W. Saftly and P. Camps and M. Baes and K. D. Gordon and S. Vandewoude and A. Rahimi and M. Stalevski},
title={{Using hierarchical octrees in Monte Carlo radiative transfer simulations}},
journal={Astronomy and Astrophysics},
year={2013},
volume={554},
doi={10.1051/0004-6361/201220854},
art_number={A10},
url={http://www.scopus.com/inward/record.url?eid=2-s2.0-84878443035&partnerID=40&md5=2a84d8912a11611c2c897b4a4135ba5f},
document_type={Article},
source={Scopus},
}

@ARTICLE{ref:Lee2010359,
author={Y. J. Lee and A. Abraham and D. H. Kim},
title={{3D object recognition using octree model and fast search algorithm}},
journal={Neural Network World},
year={2010},
volume={20},
number={3},
pages={359-369},
url={http://www.scopus.com/inward/record.url?eid=2-s2.0-77955184075&partnerID=40&md5=f27b8bdac032f6706c50a1fe65a2cfd3},
document_type={Article},
source={Scopus},
}

@ARTICLE{ref:evans2010,
author={T. M. Evans and A. S. Stafford and R. N. Slaybaugh and K. T. Clarno},
title={{Denovo: A New Three-Dimensional Parallel Discrete Ordinates Code in SCALE}},
journal={Nuclear Technology},
year={2010},
volume={171},
number={2},
pages={171-200},
document_type={Article},
source={Scopus},
}

@phdthesis{ref:jarrell2010,
  author       = {J. J. Jarell}, 
  title        = {{An Adaptive Angular Discretization Method for Neutron-Particle Transport in Three Dimensional Geometries}},
  school       = {Texas A\&M University},
  year         = {2010},
}

@ARTICLE{ref:Min2007300,
author={C. Min and F. Gibou},
title={{A second order accurate level set method on non-graded adaptive cartesian grids}},
journal={Journal of Computational Physics},
year={2007},
volume={225},
number={1},
pages={300-321},
doi={10.1016/j.jcp.2006.11.034},
url={http://www.scopus.com/inward/record.url?eid=2-s2.0-34447280147&partnerID=40&md5=ed54bfa60474868ea68a26b8c61328be},
document_type={Article},
source={Scopus},
}

@CONFERENCE{ref:Schwertfeger200853,
author={S. Schwertfeger and J. Poppinga and M. Pfingsthorn and A. Birk},
title={{Towards object classification using 3D sensor data}},
booktitle={Proceedings of the 2008 ECSIS Symposium on Learning and Adaptive Behaviors for Robotic Systems, LAB-RS 2008},
year={2008},
pages={53-58},
doi={10.1109/LAB-RS.2008.28},
art_number={4599427},
url={http://www.scopus.com/inward/record.url?eid=2-s2.0-53849102955&partnerID=40&md5=8f132abe9de9b33288917e90890cfd87},
document_type={Conference Paper},
source={Scopus},
}

@ARTICLE{ref:Zhu2015301,
author={J. Zhu and T. Zhang},
title={{An evolutionary algorithm based on Reed-Muller partition tree model}},
journal={International Journal of Wireless and Mobile Computing},
year={2015},
volume={8},
number={3},
pages={301-308},
doi={10.1504/IJWMC.2015.069393},
url={http://www.scopus.com/inward/record.url?eid=2-s2.0-84929614107&partnerID=40&md5=c50f5273f9e557e0fa6453533e36c028},
document_type={Article},
source={Scopus},
}

@CONFERENCE{ref:Risi2010,
author={S. Risi and J. Lehman and K. O. Stanley},
title={{Evolving the Placement and Density of Neurons in the HyperNEAT Substrate}},
booktitle={GECCO '10 Proceedings of the 12th annual conference on Genetic and evolutionary computing},
year={2010},
pages={563-570},
doi={10.1145/1830483.1830589},
document_type={Conference Paper},
source={Scopus},
}

@ARTICLE{ref:Laszlo2006,
author={M. Laszlo and S. Mukherjee},
title={{A Genetic Algorithm Using Hyper-Quadtrees for Low-Dimensional K-means Clustering}},
journal={IEEE Transactions on Pattern Analysis and Machine Intelligence},
year={2006},
volume={28},
number={4},
pages={533-543},
document_type={Article},
source={Scopus},
}

@TECHREPORT{ref:Blakeman2007,
  AUTHOR =        {E. D. Blakeman and D. E. Peplow and J. C. Wagner and B. D. Murphy and D. Mueller},
  TITLE =         {{PWR Facility Dose Modeling Using MCNP5 and the CADIS/ADVANTG Variance-Reduction Methodology}},
  NUMBER =        {MSU-CSE-00-2},
  INSTITUTION =   {Oak Ridge National Laboratory},
  ADDRESS =       {Oak Ridge, TN},
  MONTH =         {August},
  YEAR  =         {2007},
  PAGES =         {},
}

@ARTICLE{ref:Ibrahim2011,
author={A. M. Ibrahim and S. W. Mosher and T. M. Evans and D. E. Peplow and M. E. Sawan and P. H. P. Wilson and J. C. Wagner},
title={{ITER Neutronics Modeling Using Hybrid Monte Carlo/S$_N$ and CAD-based Monte Carlo Methods}},
journal={Nuclear Technology},
year={2011},
volume={175},
number={1},
pages={251-258},
document_type={Article},
source={Scopus},
}

@ARTICLE{ref:Risner2013,
author={J. M. Risner and E. D. Blakeman},
title={{Analysis of DPA Rates in the HFIR Reactor Vessel Using a Hybrid Monte Carlo/Discrete Ordinates Methodology}},
journal={Transactions of the American Nuclear Society},
year={2013},
volume={109},
number={1},
pages={1204-1205},
document_type={Article},
source={Scopus},
}

@ARTICLE{ref:Wagner2011,
author={J. C. Wagner and D. E. Peplow and S. W. Mosher and T. M. Evans},
title={{Review of Hybrid (Deterministic/Monte Carlo) Radiation Transport Methods, Codes, and Applications at Oak Ridge National Laboratory}},
journal={Nuclear Science and Technology},
year={2011},
volume={2},
pages={808-814},
document_type={Article},
source={Scopus},
}

@TECHREPORT{ref:Mosher2015,
  AUTHOR =        {S. W. Mosher and S. R. Johnson and A. M. Bevill and A. M. Ibrahim and C. R. Daily and T. M. Evans and J. C. Wagner and J. O. Johnson and R. E. Grove},
  TITLE =         {{ADVANTG - An Automated Variance Reduction Parameter Generator}},
  NUMBER =        {ORNL/TM-2013/416},
  INSTITUTION =   {Oak Ridge National Laboratory},
  ADDRESS =       {Oak Ridge, TN},
  MONTH =         {August},
  YEAR  =         {2015},
  PAGES =         {},
}

@TECHREPORT{ref:X5,
  AUTHOR =        {{X-5 Monte Carlo Team}},
  TITLE =         {{MCNP - A General Monte Carlo N-Particle Transport Code, Version 5. Volume I: Overview and Theory}},
  NUMBER =        {LA-UR-03-1987},
  INSTITUTION =   {Los Alamos National Laboratory},
  ADDRESS =       {Los Alamos, NM},
  MONTH =         {April},
  YEAR  =         {2003},
}

@CONFERENCE{ref:seo2009,
author={K. Seo and S. Hyun and E. D. Goodman},
title={{Tree-Structure-Aware GP Operators for Automatic Gait Generation of Quadruped Robot}},
booktitle={GECCO '09 Proceedings of the 11th annual conference on Genetic and evolutionary computing},
year={2009},
pages={2155-2159},
document_type={Conference Paper},
source={Scopus},
}

@CONFERENCE{ref:Majeed2007,
author={H. Majeed and C. Ryan},
title={{On the Constructiveness of Context-Aware Crossover}},
booktitle={GECCO '07 Proceedings of the 9th annual conference on Genetic and evolutionary computing},
year={2007},
pages={1659-1666},
document_type={Conference Paper},
source={Scopus},
}

@ARTICLE{ref:Wagner2014,
author={J. C. Wagner and D. E. Peplow and S. W. Mosher},
title={{FW-CADIS Method for Global and Regional Variance Reduction of Monte Carlo Radiation Transport Calculations}},
journal={Nuclear Science and Engineering},
year={2014},
volume={176},
pages={37-57},
document_type={Article},
source={Scopus},
}

@book{ref:knoll2000,
  author    = {G. F. Knoll}, 
  title     = {{Radiation Detection and Measurement}},
  publisher = {Wiley},
  year      = 2000,
  address   = {Chichester, NY},
  edition   = 3,
  month     = Jan,
  isbn      = {9780471073383}
}

@CONFERENCE{ref:Bucci2005,
author={A. Bucci and J. B. Pollack},
title={{On identifying global optima in cooperative coevolution}},
booktitle={GECCO '05 Proceedings of the 7th annual conference on Genetic and evolutionary computation},
year={2005},
pages={539-544},
document_type={Conference Paper},
source={Scopus},
}

@ARTICLE{ref:Jin2005,
author={Y. Jin and J. Branke},
title={{Evolutionary Optimization in Uncertain Environments - A Survey}},
journal={IEEE Transactions on Evolutionary Computation},
year={2005},
volume={9},
number={3},
pages={303-317},
document_type={Article},
source={Scopus},
}

@ARTICLE{ref:Lehman2011,
author={J. Lehman and K. O. Stanley},
title={{Abandoning Objectives: Evolution through the Search for Novelty Alone}},
journal={Evolutionary Computation},
year={2011},
volume={19},
number={2},
pages={189-223},
document_type={Article},
source={Scopus},
}

@ARTICLE{ref:Liapis2015,
author={A. Liapis and G. N. Yannakakis and J. Togelius},
title={{Constrained Novelty Search: A Study of Game Content Generation}},
journal={Evolutionary Computation},
year={2014},
volume={23},
number={1},
pages={101-129},
document_type={Article},
source={Scopus},
}

@PROCEEDINGS{proc-disc-2009,
  author = {D. Smith and L. Tokarchuk and C. Fernando},
  title = {{Evolving Diverse Strategies Through Combined Phenotypic Novelty and Objective Function Search}},
  booktitle = {18th European Conference on the Applications of Evolutionary Computation},
  volume ={9028},
  series = {Lecture Notes in Computer Science},
  publisher = {???},
  address = {Copenhagen, Denmark},
  year = {2015}
}

@incollection{ref:smith2015,
  author      = "D. Smith and L. Tokarchuk and C. Fernando",
  title       = "Evolving Diverse Strategies Through Combined Phenotypic Novelty and Objective Function Search",
  editor      = "A. M. Mora and G. Squillero",
  booktitle   = "Applications of Evolutionary Computing",
  publisher   = "MIT Press",
  address     = "???",
  year        = 2015,
  pages       = "344-354",
  chapter     = ???,
}

@incollection{ref:Majeed2006,
author={H. Majeed and C. Ryan},
title={{A Less Destructive, Context-Aware Crossover Operator for GP}},
editor={P. Collet and M. Tomassini and M. Ebner and S. Gustafson and A. Ekart},
booktitle={Genetic Programming},
publisher={Springer},
address={Berlin, Germany},
volume={3905},
year={2006},
pages={36-48},
}

@CONFERENCE{ref:Chu2008,
author={D. Chu and J. E. Rowe},
title={{Crossover operators to control size growth in linear GP and variable length GAs}},
booktitle={IEEE Congress on Evolutionary Computation, 2008},
year={2008},
pages={336-343},
document_type={Conference Paper},
source={Scopus},
}

@book{ref:Franco1985,
  author    = {P. P. Franco and M. Shamos}, 
  title     = {{Computational Geometry: An Introduction}},
  publisher = {Springer},
  year      = 1985,
  address   = {New York},
  isbn      = {978-0-387-96131-6}
}

@CONFERENCE{ref:Sheneman2006,
author={L. Sheneman and J. A. Foster},
title={{Estimating the destructiveness of crossover on binary tree representations}},
booktitle={GECCO '06 Proceedings of the 8th annual conference on Genetic and evolutionary computation},
year={2006},
pages={1427-1428},
document_type={Conference Paper},
source={Scopus},
}

@CONFERENCE{ref:Tanev2012,
author={I. Tanev and Tuze Kuyucu and K. Shimohara},
title={{On the cumulative effect of bloat an dgenetic transposition on the efficiency of incremental evolution of snake-like robot}},
booktitle={GECCO '12 Proceedings of the 14th annual conference on Genetic and evolutionary computation},
year={2012},
pages={161-168},
document_type={Conference Paper},
source={Scopus},
}

@CONFERENCE{ref:Panait2006,
author={L. Panait and S. Luke and J. F. Harrison},
title={{Archive-based cooperative coevolutionary algorithms}},
booktitle={GECCO '06 Proceedings of the 14th annual conference on Genetic and evolutionary computation},
year={2006},
pages={345-352},
document_type={Conference Paper},
source={Scopus},
}

@CONFERENCE{ref:Gomes2014,
author={J. Gomes and P. Mariano and A. Christensen},
title={{Avoiding convergence in cooperative coevolution with novelty search}},
booktitle={AAMAS '14: Proceedings of the 2014 international conference on Autonomous agents and multi-agent systems},
year={2014},
pages={1149-1156},
document_type={Conference Paper},
source={Scopus},
}

@TECHREPORT{ref:Santoro2008,
  AUTHOR =        {{R. T. Santoro}},
  TITLE =         {{Radiation Shielding for Fusion Reactors}},
  INSTITUTION =   {Oak Ridge National Laboratory},
  ADDRESS =       {Oak Ridge, TN},
  MONTH =         {Feb.},
  YEAR  =         {2008},
}












